02RETORNO01COBRANCA       00000000000005373762ONESYS TECNOLOGIA E COMUNICACA237BRADESCO       0508220160000000261                                                                                                                                                                                                                                                                          080822         000001
1020961620500017000000090040200238414                         000000000000018257150000000000000000000000000906050822Z-8257-1  00000000000001825715100822000000001510074805364  000000000000000000000000000000000000000000000000000000000000000000000000000000000000001510000000000000000000000000000   080822             00000000000000                                                                  000002
1020961620500017000000090040200238414                         000000000000018266140000000000000000000000000906050822Z-8266-1  00000000000001826614100822000000001050034108234  000000000000000000000000000000000000000000000000000000000000000000000000000000000000001050000000000000000000000000000   080822             00000000000000                                                                  000003
9201237          000001960000000273787400000261          00000000000000000000000025600000020000000256000000000000000000000000000000000000000000000000000000000000000000000000000000000000000                                                                                                                                                                              00000000000000000000000         000004
