75600000         100099999999999                    03008 0000000099999 teste                         BANCO COOPERATIVO DO BRASIL S/          12101201312003300001208100000                                                                     
75600011R01  040 1000099999999999                    03008 0000000099999 teste                                                                                                         000000122101201300000000                                 
7560001300001P 0103008 0000000099999 000005123001016     10 22TESTE CNAB240  3101201300000000000010000000 02N21012013200000000000000000001000000000000000000000000000000000000000000000000000000000                         1000   090000000000 
7560001300002Q 011000010707729769teste                                   RUA AMELIA SANTOS VENTURINI             CENTRO         99999999cidade         ES0000000000000000                                        000                            
7560001300003R 01000000000000000000000000000000000000000000000000200000000000000000000200                                                                                                              0000000000000000 000000000000  0         
7560001300004S 013APOS VENCIMENTO MULTA DE XX             APOS VENCIMENTO, MORA DE XX             APENAS TESTE.
75600015         00000600000100000000000000100000000000000000000000000000000000000000000000000000000000000000000000        -1b64757345476cd639bc6602e88f2181c343505b                                                                            
75699999         000001000008000000                                                                                                                                                                                                             
