01REMESSA01COBRANCA       9000039000386000177                               748SICREDI        20211028        0000001                                                                                                                                                                                                                                                                                 2.00000001
1AAA H          AAA                            212000016      20211028 N B0000    00000000000000            01004303233 1812210000000000208         AS201021000000000000000011812210000000000000000000000000000000000000001000049093094033NOVO TESTE                              R TESTES FONSECA, 001                   00000000000 3558500000000                                                       000002
8212000016000000 H            004303233                                                                                                                                                                                                                                                                                                                                                                   000003
9174890000                                                                                                                                                                                                                                                                                                                                                                                                000004
